3554 4904
314 505 377 566 154
632 517 846 566 canonicos
863 517 1191 566 Psnsonunosssn.

354 671 418 735 Est
443 671 540 736 etiem
559 670 595 735 in
616 671 730 736 eadem
744 671 821 737 vills
833 671 965 737 feodum
987 670 1132 757 episcopi
1152 669 1332 748 Lineolnie‚
1345 669 1513 754 videlice&

310 773 478 839 Johannes
503 773 589 838 filius
615 773 761 854 Roberti‚
776 773 943 840 Johannes
967 775 1054 839 filius
1070 773 1219 853 (seifridi,
1235 773 1398 839 Robertus
1420 773 1511 841 filius

311 874 419 942 Bricii.
463 877 510 942 Et
524 877 622 943 etiam
636 878 768 944 feodum
784 875 926 943 Simonis
940 878 1132 958 Trussebut,
1147 876 1279 959 scilieet,
1335 925 1345 944 .
1389 925 1398 944 .
1443 923 1455 946 .
1501 925 1512 946 .

474 1067 637 1132 'senentes
652 1066 777 1133 abbatis
792 1067 825 1132 in
841 1066 1065 1153 Messingham
1080 1075 1114 1133 et
1128 1066 1341 1154 Buttirwyke.

397 1184 488 1250 Prior
503 1185 543 1250 de
557 1184 771 1251 Thomholm.

396 1288 560 1353 Martinus
575 1287 729 1353 Creuker.

397 1392 566 1457 Gilbertus
580 1391 733 1478 Toylard.

394 1497 537 1562 Thomas
553 1496 700 1582 Platyng.

395 1597 559 1663 Henricus
574 1596 661 1660 filius
676 1595 786 1662 Brieii.

393 1702 416 1768 J
418 1702 563 1766 ohannes
577 1699 664 1764 filius
678 1699 836 1765 Willelmi
850 1699 965 1766 clerici.

395 1847 558 1912 Hemicus
574 1846 677 1911 Bolax
890 1804 953 1869 Isti
967 1813 1033 1871 tres
1044 1805 1284 1890 desponsarunt
1297 1815 1363 1873 tres
1378 1830 1508 1876 sorores

615 1892 808 2034 Ben'ygwrd·
859 1907 1005 1986 heredes,
1028 1917 1062 1972 et
1091 1908 1227 1994 quilibet
1259 1910 1338 1976 fseit
1372 1921 1508 1994 seciam,

861 2008 936 2094 quie
964 2009 1087 2074 nullam
1111 2012 1217 2077 voluit
1250 2013 1354 2079 faeere
1384 2015 1508 2080 contii-

832 2159 841 2192 s
860 2111 1032 2178 bucionem
1046 2114 1148 2180 alteri.

395 1950 543 2032 Rogems
559 1948 599 2012 de

395 2050 553 2115 Ricardus
569 2050 609 2116 de
624 2051 793 2136 Randyns.

393 2214 557 2281 Robertus
574 2214 766 2302 coopertos.

393 2318 556 2386 Henricus
573 2319 677 2407 Knyt.

393 2423 557 2489 Henrieus
572 2423 613 2489 de
628 2421 777 2509 Wawyn.

392 2526 555 2593 Robertus
570 2526 656 2592 filius
670 2527 858 2594 Alexandri.

391 2631 518 2697 Bricius
533 2632 630 2696 frater
644 2631 726 2716 ejus.

388 2741 557 2807 Johsnnes
572 2742 658 2806 filius
674 2742 862 2807 Baldewini.

387 2845 557 2910 Johannes
573 2846 613 2910 de
629 2846 847 2911 Bercworthe.

387 2947 513 3010 Alenus
529 2947 692 3031 Serjaunt.

387 3049 557 3114 Johennes
573 3047 757 3114 Mortimer.

389 3152 553 3217 Henrieus
569 3148 811 3235 Bekenchemp.

389 3255 506 3319 Petrus
520 3253 552 3319 le
568 3254 702 3319 Ferour.

389 3357 553 3422 Henricus
568 3355 748 3442 Wyrhoke.

390 3460 548 3524 Redulfus
562 3460 585 3526 J
586 3460 669 3545 ogel.

390 3560 554 3625 Robertus
570 3562 692 3646 Hun'y.

389 3664 555 3729 Waltems
569 3662 655 3726 filius
672 3663 781 3728 Bricii.

390 3766 567 3832 Nicholaus
583 3764 624 3829 de
640 3764 896 3851 Spryngthorpe.

391 3871 554 3937 Robertus
570 3867 716 3953 Stngard.

607 3969 821 4057 Buttirwyke.
