3562 4904
327 508 370 567 66
646 525 861 574 canonicos
877 526 1203 573 aarnoaunoansa.

329 688 552 760 memoratam,
566 690 665 766 prout
679 701 778 767 supra
791 681 1025 767 scriptumest.
1071 682 1117 746 Et
1140 683 1235 747 lioeat
1256 682 1304 746 eis
1325 681 1403 745 inde
1422 681 1526 745 facere

329 783 505 847 comodum
527 806 622 848 suum
652 784 922 870 quandocumque
942 794 977 849 et
999 785 1274 870 qualitercumque
1300 784 1362 849 sibi
1385 784 1528 849 viderint

331 885 447 950 melius
461 887 624 972 expedire,
638 887 709 951 sine
728 886 844 952 clamio
867 896 902 951 et
926 887 1186 952 contradictione
1205 888 1367 954 dictorum
1391 888 1527 953 Roberti

330 997 366 1052 et
392 988 555 1055 Johannis
583 999 619 1054 et
645 989 803 1054 heredum
842 1011 976 1055 suorum
1013 989 1265 1075 imperpetuum.
1330 991 1421 1056 Dicti
1448 1012 1526 1055 vero

332 1090 495 1156 Robertus
509 1102 544 1157 et
557 1091 727 1157 Johannes
741 1102 776 1157 et
794 1113 908 1157 eorum
926 1091 1062 1156 heredes
1078 1092 1239 1156 consimili
1262 1093 1360 1158 modo
1384 1092 1426 1156 de
1450 1113 1527 1176 pur-

330 1192 479 1257 cionibus
506 1192 574 1257 suis
594 1194 746 1260 ordinent
769 1203 804 1258 et
827 1193 958 1272 iaciant,
977 1194 1048 1259 sine
1072 1194 1189 1260 clamio
1210 1203 1245 1260 et
1268 1194 1527 1260 contradictione

330 1294 493 1361 dictorum
512 1295 640 1361 abbatia
661 1306 696 1361 et
716 1305 898 1361 conventus
913 1296 966 1361 vel
991 1318 1215 1362 successorum
1241 1318 1374 1362 suorum
1399 1297 1434 1361 in
1456 1319 1530 1382 per·

329 1406 477 1482 petuam.
521 1397 646 1463 sivero
659 1398 775 1484 aliquis
789 1398 830 1463 de
844 1397 944 1462 libere
958 1398 1146 1463 tenentibus
1161 1398 1379 1484 predictorum
1390 1398 1528 1477 abbatis,

331 1499 477 1577 Roberfi,
491 1508 527 1566 et
554 1501 730 1580 lobannis,
749 1510 864 1566 contra
891 1501 1053 1586 prefatum
1082 1512 1353 1586 appruamentum
1388 1502 1528 1588 aliquem

329 1604 561 1689 predictorum,
575 1626 799 1670 successorum
811 1605 864 1669 vel
877 1604 1035 1669 heredum
1049 1626 1163 1669 eorum
1178 1627 1310 1691 gravare
1335 1628 1396 1671 seu
1419 1606 1528 1691 aliquo

329 1717 477 1794 tempore
498 1707 697 1794 implacitare
711 1707 872 1787 voluerit3
894 1707 973 1773 dicti
987 1707 1088 1772 abbas
1098 1719 1132 1773 et
1143 1720 1337 1788 conventus,
1354 1709 1530 1788 Roberms

331 1819 366 1874 et
378 1810 561 1892 lohannes,
574 1811 692 1877 volunt
716 1821 750 1876 et
773 1810 919 1896 obligant
943 1832 989 1891 se,
1004 1832 1208 1876 successores
1232 1821 1267 1876 et
1291 1811 1427 1876 heredes
1452 1833 1530 1876 suos

332 1911 420 1997 quod
445 1911 599 1977 dominus
616 1911 721 1996 ipsius
740 1911 969 1996 conquerentis
994 1911 1100 1976 eidem
1124 1911 1299 1976 satisfaciat
1316 1921 1351 1976 et
1373 1911 1455 1977 alios
1480 1911 1530 1975 in-

333 2013 491 2100 dempnes
505 2024 686 2081 conservet.
731 2014 784 2081 Ita
797 2015 886 2100 quod
900 2025 1116 2080 memoratum
1136 2024 1407 2100 appruamentum
1421 2025 1529 2079 ratum

332 2125 367 2184 et
388 2117 503 2184 stabile
529 2126 659 2183 maneat
679 2117 921 2203 inperpetuum.
965 2118 1168 2183 Concessum
1190 2127 1242 2182 est
1263 2118 1361 2182 etiam
1383 2140 1443 2203 per
1456 2141 1530 2203 pre-

332 2221 438 2286 dictos
460 2220 612 2285 abbatem
632 2230 666 2285 et
690 2229 899 2301 conventum,
916 2220 1107 2301 Robmtnm,
1121 2230 1156 2285 et
1177 2221 1375 2300 Johannem,
1389 2230 1424 2286 et
1445 2221 1532 2287 inter

330 2325 422 2410 ipsos
451 2333 660 2403 conventum,
683 2322 770 2408 quod
799 2323 896 2388 liceat
920 2323 1002 2409 ipsis
1027 2324 1181 2390 omnibus
1206 2334 1241 2389 et
1265 2322 1401 2409 singulis
1426 2326 1531 2390 facere

330 2436 602 2514 appruamentum
616 2426 651 2490 in
666 2434 800 2511 pastura
810 2426 851 2491 de
866 2427 1054 2493 Northcher
1064 2428 1150 2493 inter
1164 2425 1321 2492 calcetum
1336 2425 1377 2490 de
1388 2425 1533 2491 Surswat

330 2540 365 2597 et
389 2529 527 2594 divisam
552 2528 638 2593 inter
667 2528 841 2593 mariscum
864 2529 906 2595 de
932 2528 1065 2595 Scotere
1082 2538 1117 2594 et
1131 2528 1369 2612 Messingham,
1386 2526 1532 2613 quando·

330 2655 468 2718 cumque
493 2641 527 2697 et
551 2630 828 2716 qualitercumque
842 2631 1015 2712 voluerint,
1030 2632 1101 2697 sine
1126 2632 1242 2697 clamio
1265 2652 1326 2696 seu
1350 2629 1531 2695 contradic·

331 2736 425 2802 cione
447 2734 582 2819 alicujus
604 2732 835 2820 predictorum.
881 2734 933 2799 Ita
954 2744 1064 2800 tamen
1079 2735 1168 2820 quod
1183 2733 1262 2800 dicti
1283 2733 1384 2798 abbas
1406 2741 1441 2798 et
1453 2755 1532 2798 con-

332 2848 450 2905 ventus
473 2837 614 2903 habeant
636 2837 843 2901 medietatem
866 2836 969 2902 tocius
990 2837 1069 2902 dicti
1094 2836 1322 2923 appruamenti
1341 2836 1382 2900 de
1407 2836 1532 2901 North-

333 2942 420 3021 cher‚
444 2950 478 3006 et
503 2939 581 3005 dicti
612 2937 775 3003 Robertus
800 2949 835 3004 et
862 2939 1033 3005 Johannes
1062 2939 1196 3004 alteram
1226 2937 1444 3003 medietatem.
1488 2937 1533 3002 Et

334 3042 503 3108 sciendum
528 3040 617 3127 quod
641 3039 813 3105 Johannes
842 3041 872 3105 le
901 3042 1022 3128 Taylur
1045 3042 1085 3106 de
1115 3040 1203 3106 dicto
1226 3049 1463 3125 appruamento
1491 3041 1534 3105 de

335 3144 522 3210 Northcher
542 3142 641 3208 nichil
652 3142 693 3207 de
705 3142 914 3227 porcionibus
928 3143 1056 3209 abbatis
1080 3153 1115 3209 et
1135 3142 1270 3207 Roberti
1292 3141 1459 3226 percipiet,
1475 3143 1534 3207 sed

335 3258 465 3314 tantum
490 3245 623 3312 terciam
655 3255 781 3330 partem
813 3245 996 3311 medietatis
1022 3268 1123 3331 penes
1152 3244 1260 3310 dictos
1288 3243 1470 3308 Robertum
1499 3254 1535 3310 et

335 3351 358 3417 J
360 3352 521 3416 ohannem
537 3348 732 3414 remanentis
746 3346 890 3412 habebit.
935 3348 987 3412 Ita
1000 3348 1090 3433 quod
1103 3347 1159 3411 illa
1172 3347 1273 3411 tercia
1286 3367 1362 3431 pars
1384 3346 1428 3411 sit
1449 3346 1536 3412 inter

336 3453 524 3538 porcionem
539 3450 617 3516 dicti
631 3449 758 3514 abbatis
773 3458 808 3515 et
820 3447 1009 3534 porcionem
1024 3449 1103 3514 dicti
1119 3447 1264 3515 Roberti.

118 3584 171 3634 nos
181 3598 254 3635 anuo.
382 3556 422 3620 ln
437 3556 521 3619 sesto
543 3551 646 3618 sancti
667 3551 827 3638 Botulphi
841 3550 1014 3638 episcopus
1030 3549 1200 3617 Linoolnie
1221 3548 1299 3615 fecit
1311 3548 1535 3616 visitacionem

337 3680 430 3725 suam
445 3657 531 3744 apud
547 3656 704 3740 Burgum.

116 3775 174 3844 (fot.
183 3777 242 3829 sest
255 3775 302 3842 e.)
381 3760 501 3841 [Anno
515 3756 652 3822 Domini
667 3755 785 3820 M⁰co⁰
799 3755 996 3840 octogesimo
1011 3762 1135 3841 quarto.

382 3864 458 3929 Hoc
473 3883 559 3926 anno
573 3858 782 3925 terminatum
800 3867 851 3923 est
871 3859 1026 3943 placitum
1041 3867 1154 3923 contra
1172 3857 1324 3923 homines
1350 3857 1391 3921 de
1406 3856 1538 3924 Undele

338 3967 379 4032 de
393 3967 499 4045 molis,
514 3985 594 4050 quas
610 3961 728 4025 habere
748 3960 1013 4048 calumpniabant
1035 3961 1232 4048 singillatim.
1277 3961 1382 4046 Cujus
1403 3960 1538 4046 quidem

337 4069 447 4152 placiti
461 4087 632 4154 processus
648 4063 722 4130 talis
737 4074 809 4129 est:
